@INPROCEEDINGS{647841,
  author={H. {Liang} and S. {Lukkarinen} and I. {Hartimo}},
  booktitle={Computers in Cardiology 1997},
  title={Heart sound segmentation algorithm based on heart sound envelogram},
  year={1997},
  volume={},
  number={},
  pages={105-108},
  keywords={medical signal processing;acoustic signal processing;bioacoustics;cardiology;heart sound segmentation algorithm;heart sound envelogram;first heart sound;systole;second heart sound;diastole;phonocardiogram signals;normalized average Shannon energy;medical diagnostic technique;Heart;Electrocardiography;Acoustic materials;Sampling methods;Pediatrics;Cardiology;Cutoff frequency;Filters;Signal analysis;Signal synthesis},
  doi={10.1109/CIC.1997.647841},
  ISSN={},
  month={Sep.},
}

@INPROCEEDINGS{757028,
  author={H. {Liang} and L. {Sakari} and H. {Iiro}},
  booktitle={Proceedings of the 19th Annual International Conference of the IEEE Engineering in Medicine and Biology Society. 'Magnificent Milestones and Emerging Opportunities in Medical Engineering' (Cat. No.97CH36136)},
  title={{A heart sound segmentation algorithm using Wavelet Decomposition and reconstruction}},
  year={1997},
  address = {Chicago, IL, USA},
  volume={4},
  number={},
  pages={1630-1633},
  keywords={echocardiography;signal reconstruction;wavelet transforms;medical signal processing;heart sound segmentation algorithm;wavelet decomposition;wavelet reconstruction;intensity envelopes;systolic period;approximations;diastolic period;phonocardiographic signal;algorithm performance;digital phonocardiographic recordings;auscultation;heart murmurs;normalized average Shannon energy;Heart;Signal processing algorithms;Electrocardiography;Frequency;Laboratories;Pathology;Cardiology;Performance analysis;Timing;Acoustic noise},
  doi={10.1109/IEMBS.1997.757028},
  ISSN={},
  month={Oct},
}

@ARTICLE{1735,
  author = {S. Hochreiter and J. Schmidhuber},
  year = {1997},
  month = {Dec.},
  pages = {1735-1780},
  title = {Long Short-term Memory},
  volume = {9},
  number = {8},
  journal = {Neural computation},
  doi = {10.1162/neco.1997.9.8.1735}
}

@ARTICLE{1275572,
  author={J. P. {Martinez} and R. {Almeida} and S. {Olmos} and A. P. {Rocha} and P. {Laguna}},
  journal={IEEE Transactions on Biomedical Engineering},
  title={{A wavelet-based ECG delineator: evaluation on standard databases}},
  year={2004},
  volume={51},
  number={4},
  pages={570-581},
  keywords={electrocardiography;wavelet transforms;information services;medical signal processing;medical signal detection;wavelet-based ECG delineator;standard databases;robust single-lead electrocardiogram delineation system;wavelet transform;MIT-BIH arrhythmia database;QT database;European ST-T database;CSE database;mean deviation;standard deviation;automatic annotations;manual annotations;mean error;P wave;T wave;Electrocardiography;Databases;Detectors;Robustness;Communications technology;Standards development;Wavelet transforms;Sampling methods;Cardiac disease;Algorithms;Arrhythmias, Cardiac;Databases, Factual;Diagnosis, Computer-Assisted;Electrocardiography;Heart Rate;Humans;Pattern Recognition, Automated;Prognosis;Reproducibility of Results;Sensitivity and Specificity;Signal Processing, Computer-Assisted},
  doi={10.1109/TBME.2003.821031},
  ISSN={},
  month={April},
}


@ARTICLE{004,
  author = {{S. E Schmidt, C. Holst-Hansen, C. Graff, E. Toft and JJ. Struijk}},
  year = {2010},
  month = {Mar.},
  pages = {513-529},
  title = {{Segmentation of heart sound recordings by a duration-dependent hidden Markov model}},
  volume = {31},
  number = {4},
  journal = {Physiological measurement},
  doi = {10.1088/0967-3334/31/4/004}
}

@INPROCEEDINGS{6100614,
  author={X. {Hu} and J. {Zhang} and G. {Cao} and H. {Zhu} and H. {Li}},
  booktitle={2011 4th International Congress on Image and Signal Processing},
  title={{Feature extraction and choice in PCG based on Hilbert Transfer}},
  year={2011},
  volume={4},
  number={},
  pages={2159-2163},
  keywords={feature extraction;image classification;medical image processing;phonocardiography;support vector machines;feature extraction;PCG choice;phonocardiogram;Hilbert transfer;energy envelope segmentation;two-kind classification;support vector machines;SVM;Shannon energy envelope;Heart;Feature extraction;Diseases;Accuracy;Pathology;Biomedical imaging;Valves;Phonocardiogram;Energy Envelop;Hilbert Transfer Envelope;SVM},
  doi={10.1109/CISP.2011.6100614},
  ISSN={},
  month={Oct},
}

@ARTICLE{Abas_Bassam_2008,
  author={A. K. Abas and R. Bassam},
  title={{Automated Pattern Classification for PCG Signal Based on Adaptive Spectral K-Means Clustering Algorithm}},
  volume={31},
  number={1},
  journal={CMBES Proceedings},
  year={2008},
  month={Jun.}
}

@ARTICLE{7234876,
  author={D. B. {Springer} and L. {Tarassenko} and G. D. {Clifford}},
  journal={IEEE Transactions on Biomedical Engineering},
  title={{Logistic Regression-HSMM-Based Heart Sound Segmentation}},
  year={2016},
  volume={63},
  number={4},
  pages={822-832},
  keywords={acoustic signal processing;Markov processes;medical signal processing;phonocardiography;regression analysis;Viterbi decoding;logistic regression-HSMM-based heart sound segmentation;first heart sound;second heart sound;phonocardiogram;automatic analysis;heart sound recordings;pathological event classification;threshold-based segmentation methods;probabilistic models;hidden Markov models;hidden semiMarkov model;noisy real-world PCG recordings;modified Viterbi algorithm;unseen test recordings;Gaussian distribution-based emission probability estimation;extended Viterbi algorithm;Heart;Hidden Markov models;Electrocardiography;Phonocardiography;Detectors;Pathology;Logistics;Phonocardiography;Hidden Markov models;Logistic regression;Heart sound segmentation;Heart sound segmentation;hidden Markov models (HMMs);logistic regression (LR);phonocardiography (PCG);Databases, Factual;Heart Sounds;Humans;Markov Chains;Phonocardiography;Signal Processing, Computer-Assisted},
  doi={10.1109/TBME.2015.2475278},
  ISSN={},
  month={April},
}

@ARTICLE{8620278,
  author={F. {Renna} and J. H. {Oliveira} and M. T. {Coimbra}},
  journal={IEEE Journal of Biomedical and Health Informatics},
  title={{Deep Convolutional Neural Networks for Heart Sound Segmentation}},
  year={2019},
  volume={},
  number={},
  pages={1-1},
  keywords={Heart;Hidden Markov models;Phonocardiography;Feature extraction;Convolutional neural networks;Image segmentation;Phonocardiogram;segmentation;convolutional neural networks;hidden Markov models},
  doi={10.1109/JBHI.2019.2894222},
  ISSN={},
  month={},
}

@INPROCEEDINGS{4352347,
  author={A. I. {Manriquez} and Q. {Zhang}},
  booktitle={2007 29th Annual International Conference of the IEEE Engineering in Medicine and Biology Society},
  title={{An algorithm for QRS onset and offset detection in single lead electrocardiogram records}},
  year={2007},
  volume={},
  number={},
  pages={541-544},
  keywords={bioelectric phenomena;electrocardiography;medical signal processing;QRS onset detection;QRS offset detection;electrocardiogram records;cardiac cycle;ECG signal;PhysioNet QT database;Electrocardiography;Signal processing algorithms;Databases;Testing;Cardiology;Detection algorithms;Performance evaluation;Electric variables measurement;Cardiac disease;Signal design;Algorithms;Animals;Automatic Data Processing;Databases, Factual;Electrocardiography;Humans;Myocardial Contraction},
  doi={10.1109/IEMBS.2007.4352347},
  ISSN={},
  month={Aug},
}

@ARTICLE{884644,
  author={Q. {Zhang} and A. {Illanes Manriquez} and C. {Medigue} and Y. {Papelier} and M. {Sorine}},
  journal={IEEE Transactions on Biomedical Engineering},
  title={{An Algorithm for Robust and Efficient Location of T-Wave Ends in Electrocardiograms}},
  year={2006},
  volume={53},
  number={12},
  pages={2544-2552},
  keywords={electrocardiography;FIR filters;medical signal processing;noise;T-wave end location;electrocardiograms;cardiac cycle;acquisition noise;wave form morphological variations;baseline wander;finite impulse response filter;PhysioNet QT database;Electrocardiography;Signal processing algorithms;Noise robustness;Signal processing;Databases;Finite impulse response filter;Standards publication;Computer errors;Application software;Heart rate interval;Electrocardiogram (ECG);signal processing;T-wave end location;Algorithms;Arrhythmias, Cardiac;Arrhythmias, Cardiac;Artificial Intelligence;Diagnosis, Computer-Assisted;Electrocardiography;Heart Rate;Humans;Pattern Recognition, Automated;Reproducibility of Results;Sensitivity and Specificity},
  doi={10.1109/TBME.2006.884644},
  ISSN={},
  month={Dec},
}

@ARTCILE{1475-925X-10-77,
  author = {C. R. Vazquez-Seisdedos, J. Neto, E. Marañón, A. Klautau, R. Oliveira},
  year = {2011},
  month = {09},
  pages = {77},
  title = {{New approach for T-wave end detection on electrocardiogram: Performance in noisy conditions}},
  volume = {10},
  journal = {Biomedical Engineering Online},
  doi = {10.1186/1475-925X-10-77}
}

@ARTICLE{MESSER2001931,
  author = {S. R. Messer, J. Agzarian and D. Abbott},
  title = {Optimal wavelet denoising for phonocardiograms},
  journal = "Microelectronics Journal",
  volume = "32",
  number = "12",
  pages = "931-941",
  year = "2001",
  issn = "0026-2692",
  doi = "https://doi.org/10.1016/S0026-2692(01)00095-7",
}

@INPROCEEDINGS{1166828,
  author={T. {Oskiper} and R. {Watrous}},
  booktitle={Computers in Cardiology},
  title={Detection of the first heart sound using a time-delay neural network},
  year={2002},
  volume={},
  number={},
  pages={537-540},
  keywords={neural nets;cardiology;medical signal processing;wavelet transforms;acoustic signal detection;bioacoustics;first heart sound detection;time-delay neural network;single hidden layer;time-delay links;time-frequency energy coefficients;Morlet wavelet decomposition;input phonocardiogram signal;sliding window;standard auscultatory sites;electronic stethoscope;training set;heartbeats;randomly selected subjects;deletion error;insertion error;Neural networks;Stethoscope;Time frequency analysis;Electrocardiography;Heart rate variability;Computer errors;Signal analysis;Acoustic signal detection;Wavelet analysis;Joining processes},
  doi={10.1109/CIC.2002.1166828},
  ISSN={},
  month={Sep.},
}

@INPROCEEDINGS{7530192,
  author={C. {Haritha} and M. {Ganesan} and E. P. {Sumesh}},
  booktitle={2016 International Conference on Circuit, Power and Computing Technologies (ICCPCT)},
  title={{A survey on modern trends in ECG noise removal techniques}},
  year={2016},
  volume={},
  number={},
  pages={1-7},
  keywords={diseases;electrocardiography;FIR filters;IIR filters;medical signal processing;patient diagnosis;signal denoising;wavelet transforms;ECG noise removal;electrocardiogram;heart disease diagnosis;heart disease analysis;FIR filtering;IIR filtering;low frequency noise removal techniques;high frequency noise removal techniques;quadrature filtering;adaptive noise cancellation;nonlocal means denoising techniques;NLM;empirical mode decomposition;EMD;variational mode decomposition;VMD;wavelet transform denoising;Electrocardiography;Noise reduction;IIR filters;Finite impulse response filters;Maximum likelihood detection;Nonlinear filters;ECG;denoise;EMD;NLM;wavelet},
  doi={10.1109/ICCPCT.2016.7530192},
  ISSN={},
  month={March},
}

@ARTICLE{4360034,
  author={R. {Sameni} and M. B. {Shamsollahi} and C. {Jutten} and G. D. {Clifford}},
  journal={IEEE Transactions on Biomedical Engineering},
  title={{A Nonlinear Bayesian Filtering Framework for ECG Denoising}},
  year={2007},
  volume={54},
  number={12},
  pages={2172-2185},
  keywords={adaptive filters;Bayes methods;electrocardiography;Gaussian noise;Kalman filters;medical signal processing;muscle;signal denoising;white noise;nonlinear Bayesian filtering;ECG denoising;electrocardiogram;nonlinear dynamic model;extended Kalman filter;extended Kalman smoother;unscented Kalman filter;automatic parameter selection;white Gaussian noises;colored Gaussian noises;bandpass filtering;adaptive filtering;wavelet denoising;nonstationary muscle artifact;Bayesian methods;Filtering;Electrocardiography;Noise reduction;Band pass filters;Adaptive filters;Kalman filters;Adaptation model;Gaussian noise;Morphology;ECG denoising;Kalman filtering;model-based filtering;nonlinear Bayesian filtering;adaptive filtering;ECG denoising;Kalman filtering;Model-based filtering;Nonlinear Bayesian filtering;Adaptive filtering;Algorithms;Artifacts;Artificial Intelligence;Bayes Theorem;Diagnosis, Computer-Assisted;Electrocardiography;Nonlinear Dynamics;Pattern Recognition, Automated;Reproducibility of Results;Sensitivity and Specificity},
  doi={10.1109/TBME.2007.897817},
  ISSN={},
  month={Dec},
}

@INPROCEEDINGS{8682808,
  author={K. A. {Babu} and B. {Ramkumar} and M. S. {Manikandan}},
  booktitle={ICASSP 2019 - 2019 IEEE International Conference on Acoustics, Speech and Signal Processing (ICASSP)},
  title={{Empirical Wavelet Transform Based Lung Sound Removal from Phonocardiogram Signal for Heart Sound
Segmentation}},
  year={2019},
  volume={},
  number={},
  pages={1313-1317},
  keywords={lung;medical signal detection;phonocardiography;signal reconstruction;wavelet transforms;empirical wavelet transform;second heart sound;automated lung sound removal method;EWT based signal decomposition;frequency based mode selection;signal reconstruction;Littmann lung sound library;real-time recorded PCG signals;objective quality assessment metrics;lung sound removal methods;frequency selective filtering techniques;EWT based lung sound removal method;heart sound segmentation;phonocardiogram signal segmentation;ensemble empirical mode decomposition;Heart;Lung;Phonocardiography;Real-time systems;Entropy;Frequency-domain analysis;Wavelet transforms;Phonocardiogram (PCG);Empirical wavelet transform (EWT);Lung sounds},
  doi={10.1109/ICASSP.2019.8682808},
  ISSN={},
  month={May},
}

@ARTICLE{DBLP:journals/corr/RonnebergerFB15,
  author    = {O. Ronneberger, P. Fischer and T. Brox},
  title     = {{U-Net: Convolutional Networks for Biomedical Image Segmentation}},
  journal   = {CoRR},
  volume    = {abs/1505.04597},
  year      = {2015},
  url       = {http://arxiv.org/abs/1505.04597},
  archivePrefix = {arXiv},
  eprint    = {1505.04597},
  timestamp = {Mon, 13 Aug 2018 16:46:52 +0200},
  biburl    = {https://dblp.org/rec/bib/journals/corr/RonnebergerFB15},
  bibsource = {dblp computer science bibliography, https://dblp.org}
}
